% This file was created with JabRef 2.10.
% Encoding: UTF8


@Article{bessen2007empirical,
  Title                    = {An empirical look at software patents},
  Author                   = {Bessen, James and Hunt, Robert M},
  Journal                  = {Journal of Economics \& Management Strategy},
  Year                     = {2007},
  Number                   = {1},
  Pages                    = {157--189},
  Volume                   = {16},

  Publisher                = {Wiley Online Library}
}

@Article{bessen2011generation,
  Title                    = {A generation of software patents},
  Author                   = {Bessen, James E},
  Journal                  = {Boston Univ. School of Law, Law and Economics Research Paper},
  Year                     = {2011},
  Number                   = {11-31}
}

@Book{bird2009natural,
  Title                    = {Natural language processing with Python},
  Author                   = {Bird, Steven and Klein, Ewan and Loper, Edward},
  Publisher                = {" O'Reilly Media, Inc."},
  Year                     = {2009}
}

@Article{breiman1996bagging,
  Title                    = {Bagging predictors},
  Author                   = {Breiman, Leo},
  Journal                  = {Machine learning},
  Year                     = {1996},
  Number                   = {2},
  Pages                    = {123--140},
  Volume                   = {24},

  Publisher                = {Springer}
}

@Book{breiman1984classification,
  Title                    = {Classification and regression trees},
  Author                   = {Breiman, Leo and Friedman, Jerome and Stone, Charles J and Olshen, Richard A},
  Publisher                = {CRC press},
  Year                     = {1984}
}

@Article{cohen1960coefficient,
  Title                    = {A coefficient of agreement for nominal scales},
  Author                   = {Cohen, Jacob and others},
  Journal                  = {Educational and psychological measurement},
  Year                     = {1960},
  Number                   = {1},
  Pages                    = {37--46},
  Volume                   = {20},

  Publisher                = {Durham}
}

@Article{fawcett2006introduction,
  Title                    = {An introduction to ROC analysis},
  Author                   = {Fawcett, Tom},
  Journal                  = {Pattern recognition letters},
  Year                     = {2006},
  Number                   = {8},
  Pages                    = {861--874},
  Volume                   = {27},

  Publisher                = {Elsevier}
}

@Article{freund1999short,
  Title                    = {A short introduction to boosting},
  Author                   = {Freund, Yoav and Schapire, Robert and Abe, N},
  Journal                  = {Journal-Japanese Society For Artificial Intelligence},
  Year                     = {1999},
  Number                   = {771-780},
  Pages                    = {1612},
  Volume                   = {14},

  Publisher                = {JAPANESE SOC ARTIFICIAL INTELL}
}

@Book{friedman2009elements,
  Title                    = {The Elements of Statistical Learning: Data Mining, Inference, and Prediction - Second Edition},
  Author                   = {Friedman, Jerome and Hastie, Trevor and Tibshirani, Robert},
  Publisher                = {New York, NY: Springer-Verlag New York},
  Year                     = {2013},

  Journal                  = {Springer Series in Statistics (}
}

@Article{graham2013smart,
  Title                    = {Of smart phone wars and software patents},
  Author                   = {Graham, Stuart and Vishnubhakat, Saurabh},
  Journal                  = {The Journal of Economic Perspectives},
  Year                     = {2013},
  Pages                    = {67--85},

  Publisher                = {JSTOR}
}

@TechReport{griliches1990patent,
  Title                    = {Patent statistics as economic indicators: a survey},
  Author                   = {Griliches, Zvi},
  Institution              = {National Bureau of Economic Research},
  Year                     = {1990}
}

@TechReport{hall2001nber,
  Title                    = {The NBER patent citation data file: Lessons, insights and methodological tools},
  Author                   = {Hall, Bronwyn H and Jaffe, Adam B and Trajtenberg, Manuel},
  Institution              = {National Bureau of Economic Research},
  Year                     = {2001}
}

@Book{kuhn2013applied,
  Title                    = {Applied predictive modeling},
  Author                   = {Kuhn, Max and Johnson, Kjell},
  Publisher                = {Springer},
  Year                     = {2013}
}

@Book{kulkarni2011elementary,
  Title                    = {An elementary introduction to statistical learning theory},
  Author                   = {Kulkarni, Sanjeev and Harman, Gilbert},
  Publisher                = {John Wiley \& Sons},
  Year                     = {2011},
  Volume                   = {853}
}

@Article{landis1977measurement,
  Title                    = {The measurement of observer agreement for categorical data},
  Author                   = {Landis, J Richard and Koch, Gary G},
  Journal                  = {biometrics},
  Year                     = {1977},
  Pages                    = {159--174},

  Publisher                = {JSTOR}
}

@Article{lerner2006new,
  Title                    = {The new new financial thing: The origins of financial innovations},
  Author                   = {Lerner, Josh},
  Journal                  = {Journal of Financial Economics},
  Year                     = {2006},
  Number                   = {2},
  Pages                    = {223--255},
  Volume                   = {79},

  Publisher                = {Elsevier}
}

@Book{manning2008introduction,
  Title                    = {Introduction to information retrieval},
  Author                   = {Manning, Christopher D and Raghavan, Prabhakar and Sch{\"u}tze, Hinrich and others},
  Publisher                = {Cambridge university press Cambridge},
  Year                     = {2008},
  Volume                   = {1}
}

@Article{powers2011evaluation,
  Title                    = {Evaluation: from precision, recall and F-measure to ROC, informedness, markedness and correlation},
  Author                   = {Powers, David Martin},
  Year                     = {2011},

  Publisher                = {Bioinfo Publications}
}

@Article{schmookler1966invention,
  Title                    = {Invention and economic growth},
  Author                   = {Schmookler, Jacob},
  Year                     = {1966},

  Publisher                = {Harvard University Press}
}

@Booklet{usgao2013,
  Title                    = {Intellectual Property - Assessing Factors that affect Patent Infringement, Litigation could help improve Patent Quality},
  Author                   = {USGAO},
  Month                    = {August},
  Year                     = {2013}
}

@Booklet{uspto2014patents,
  Title                    = {General Information Concerning Patents},
  Author                   = {USPTO},
  Year                     = {2014}
}

@Booklet{uspto2012,
  Title                    = {Overview of the U.S. Patent Classification System (USPC)},
  Author                   = {USPTO},
  Year                     = {2012}
}
